<?xml version="1.0" encoding="UTF-8"?>
<record xmlns="http://www.loc.gov/MARC21/slim">
   <leader>01852cam a2200397 a 4500</leader>
   <controlfield tag="001">456688</controlfield>
   <controlfield tag="003">NjP</controlfield>
   <controlfield tag="005">20190705140731.0</controlfield>
   <controlfield tag="008">880722s1981    ir       b   f001 0barard</controlfield>
   <datafield tag="024" ind1="7" ind2=" ">
      <subfield code="a">princeton_aco003041</subfield>
      <subfield code="2">local</subfield>
   </datafield>
   <datafield ind1=" " ind2=" " tag="010">
      <subfield code="a">   84155815 </subfield>
   </datafield>
   <datafield ind1=" " ind2=" " tag="040">
      <subfield code="a">PUL</subfield>
      <subfield code="c">PUL</subfield>
      <subfield code="d">PUL</subfield>
   </datafield>
   <datafield ind1=" " ind2=" " tag="035">
      <subfield code="a">(CStRLIN)NJPG88-B36648</subfield>
   </datafield>
   <datafield ind1=" " ind2=" " tag="035">
      <subfield code="9">ACD2334TS</subfield>
   </datafield>
   <datafield ind1=" " ind2=" " tag="035">
      <subfield code="a">(NjP)456688</subfield>
   </datafield>
   <datafield ind1="0" ind2=" " tag="050">
      <subfield code="a">BP193.16.A3</subfield>
      <subfield code="b">B36 1981</subfield>
   </datafield>
   <datafield ind1=" " ind2=" " tag="049">
      <subfield code="a">PULL</subfield>
   </datafield>
   <datafield ind1=" " ind2=" " tag="035">
      <subfield code="a">(OCoLC)ocm11234348</subfield>
   </datafield>
   <datafield ind1="1" ind2=" " tag="100">
      <subfield code="6">880-01</subfield>
      <subfield code="a">Baqqāl, ʻAbd al-Ḥusayn Muḥammad ʻAlī.</subfield>
   </datafield>
   <datafield ind1="1" ind2="0" tag="245">
      <subfield code="6">880-02</subfield>
      <subfield code="a">Dawr al-Ṣādiq fī imāmat al-Islām wa-al-Muslimīn /</subfield>
      <subfield code="c">ʻAbd al-Ḥusayn Muḥammad ʻAlī Baqqāl.</subfield>
   </datafield>
   <datafield ind1=" " ind2=" " tag="250">
      <subfield code="6">880-03</subfield>
      <subfield code="a">al-Ṭabʻah 1.</subfield>
   </datafield>
   <datafield ind1=" " ind2=" " tag="260">
      <subfield code="6">880-04</subfield>
      <subfield code="a">[Teheran?] :</subfield>
      <subfield code="b">Wizārat al-Irshād al-Islāmī, al-Jumhūrīyah al-Islāmīyah fī Īrān,</subfield>
      <subfield code="c">1981.</subfield>
   </datafield>
   <datafield ind1=" " ind2=" " tag="300">
      <subfield code="a">101 p. ; 22 cm.</subfield>
   </datafield>
   <datafield ind1=" " ind2=" " tag="504">
      <subfield code="a">Includes bibliographical references and indexes.</subfield>
   </datafield>
   <datafield ind1="0" ind2="0" tag="600">
      <subfield code="6">880-05</subfield>
      <subfield code="a">Jaʻfar al-Ṣādiq,</subfield>
      <subfield code="d">702?-765 or 766.</subfield>
      <subfield code="0">http://id.loc.gov/authorities/names/n84033098</subfield>
   </datafield>
   <datafield ind1=" " ind2="0" tag="650">
      <subfield code="a">Imams (Shiites)</subfield>
      <subfield code="x">Biography.</subfield>
      <subfield code="0">http://id.loc.gov/authorities/subjects/sh2008104277</subfield>
   </datafield>
   <datafield ind1=" " ind2="0" tag="650">
      <subfield code="a">Muslims</subfield>
      <subfield code="x">Biography.</subfield>
      <subfield code="0">http://id.loc.gov/authorities/subjects/sh2008108148</subfield>
   </datafield>
   <datafield ind1="1" ind2=" " tag="880">
      <subfield code="6">100-01/r</subfield>
      <subfield code="a">بقال، عبد الحسين محمد علي.</subfield>
   </datafield>
   <datafield ind1="1" ind2="0" tag="880">
      <subfield code="6">245-02/r</subfield>
      <subfield code="a">دور الصادق في امامة الاسلام والمسلمين /</subfield>
      <subfield code="c">عبد الحسين محمد علي بقال.</subfield>
   </datafield>
   <datafield ind1=" " ind2=" " tag="880">
      <subfield code="6">250-03/r</subfield>
      <subfield code="a">الطبعة 1.</subfield>
   </datafield>
   <datafield ind1=" " ind2=" " tag="880">
      <subfield code="6">260-04/r</subfield>
      <subfield code="a">[طهران؟] :</subfield>
      <subfield code="b">وزارة الارشاد الاسلامي، الجمهورية الاسلامية في ايران،</subfield>
      <subfield code="c">1981.</subfield>
   </datafield>
   <datafield ind1="0" ind2="4" tag="880">
      <subfield code="6">600-05/r</subfield>
      <subfield code="a">جعفر الصادق،</subfield>
      <subfield code="d">702?-765 or 766.</subfield>
   </datafield>
   <datafield ind1=" " ind2=" " tag="998">
      <subfield code="a">03/12/92</subfield>
      <subfield code="s">9110</subfield>
      <subfield code="n">NjP</subfield>
      <subfield code="w">DCLC84155815B</subfield>
      <subfield code="d">07/22/88</subfield>
      <subfield code="c">DGH</subfield>
      <subfield code="b">IJA</subfield>
      <subfield code="i">920312</subfield>
      <subfield code="l">NJPG</subfield>
   </datafield>
   <datafield ind1=" " ind2=" " tag="911">
      <subfield code="a">19921028</subfield>
   </datafield>
   <datafield ind1=" " ind2=" " tag="912">
      <subfield code="a">19920312000000.0</subfield>
   </datafield>
   <datafield ind1=" " ind2=" " tag="994">
      <subfield code="a">C0</subfield>
      <subfield code="b">PUL</subfield>
   </datafield>
   <datafield ind1=" " ind2=" " tag="999">
      <subfield code="a">456688</subfield>
   </datafield>
   <datafield ind1=" " ind2=" " tag="979">
      <subfield code="a">(OCoLC)ocn175389242</subfield>
   </datafield>
   <datafield ind1="0" ind2="0" tag="852">
      <subfield code="0">496925</subfield>
      <subfield code="b">rcppa</subfield>
      <subfield code="t">1</subfield>
      <subfield code="h">BP193.16.A3</subfield>
      <subfield code="i">B36 1981</subfield>
      <subfield code="x">tr fr arab</subfield>
   </datafield>
   <datafield ind1=" " ind2=" " tag="959">
      <subfield code="a">2000-06-13 00:00:00 -0500</subfield>
   </datafield>
</record>
